@misc{buterin_decent,
    title = {{The Meaning of Decentralization}},
    howpublished = {\url{https://medium.com/@VitalikButerin/the-meaning-of-decentralization-a0c92b76a274}},
}

@article{lamport_byz,
 author = {Lamport, Leslie and Shostak, Robert and Pease, Marshall},
 title = {The Byzantine Generals Problem},
 journal = {ACM Trans. Program. Lang. Syst.},
 issue_date = {July 1982},
 year = {1982},
 numpages = {20},
 publisher = {ACM},
 address = {New York, NY, USA},
}

@inproceedings{sinclair_crypto,
    author = {Davidson, Sinclair and De Filippi, Primavera and Potts, Jason},
    title = {Economics of Blockchain},
    booktitle = {Proceedings of Public Choice Conference},
    year = {2016},
    howpublished={\url{https://ssrn.com/abstract=2744751}},
} 

@article{becker2008,
    author = {Georg Becker},
    title = {Merkle Signature Schemes, Merkle Trees and Their Cryptanalysis},
    year = 2008,
    journal = {PhD Thesis},
    howpublished = {\url{https://www.emsec.rub.de/media/crypto/attachments/files/2011/04/becker_1.pdf}},
}

@misc{buterin_merkle,
    title = {{Merkling in Ethereum}},
    howpublished = {\url{https://blog.ethereum.org/2015/11/15/merkling-in-ethereum/}},
}

@misc{solidity,
    title = {{Solidity}},
    howpublished = {\url{http://solidity.readthedocs.io/en/v0.4.24/}},
}

@misc{vyper,
    title = {{Vyper}},
    howpublished = {\url{https://github.com/ethereum/vyper}},
}

@misc{ecdsa,
    title = {{The Fundamentals of an ECDSA Authentication System}},
    howpublished = {\url{https://www.maximintegrated.com/en/app-notes/index.mvp/id/5767}},
}

@misc{gdpr,
    title = {{General Data Protection Regulation (GDPR)}},
    howpublished = {\url{https://gdpr-info.eu/}},
}

@misc{buterin_slashing,
    title = {{Minimal Slashing Conditions}},
    howpublished = {\url{https://medium.com/@VitalikButerin/minimal-slashing-conditions-20f0b500fc6c}},
}

@misc{sharing_eco_bc,
    title = {{Decentralizing the Sharing Economy With Blockchain Technology}},
    howpublished = {\url{https://bitcoinmagazine.com/articles/decentralizing-sharing-economy-blockchain-technology/}},
}

@misc{eos_producers,
    title = {{EOS Block Producer Voting Guide}},
    howpublished = {\url{https://medium.com/coinmonks/eos-block-producer-voting-guide-fba3a5a6efe0}},
}

@misc{token_ecos,
    title = {{Token Economy 101, or why Blockchain-powered decentralized networks are important.}},
    howpublished =
    {\textsf{https://blog.otiumcapital.com/token-economy-101-or-why-blockchain-powered-decentralized-networks-are-important-310de1cc8bac}},
}

@misc{dpos_steemit,
    title = {{DPOS Consensus Algorithm - The Missing White Paper}},
    howpublished = {\url{https://steemit.com/dpos/@dantheman/dpos-consensus-algorithm-this-missing-white-paper}},
}

@misc{stellar_gateway,
    title = {{Introducing Stellar}},
    howpublished = {\url{https://www.stellar.org/blog/introducing-stellar/#gateways}},
}

@misc{buterin_mech,
    title = {{Blockchain and Smart Contract Mechanism Design Challenges}},
    howpublished = {\url{https://fc17.ifca.ai/wtsc/Vitalik%20Malta.pdf}},
}

@misc{buterin_gov,
    title = {{Blockchain and Smart Contract Mechanism Design Challenges}},
    howpublished = {\url{https://fc17.ifca.ai/wtsc/Vitalik%20Malta.pdf}},
}

@misc{platin,
    title = {{Platin Proof of Location (PoL) }},
    howpublished = {\url{https://platin.io/}},
}

@misc{eventual_con,
    title = {{De-mystifying eventual consistency in distributed systems}},
    howpublished =
    {\url{http://www.oracle.com/technetwork/products/nosqldb/documentation/consistency-explained-1659908.pdf}},
}

@article{song_set,
    author = {Raymond Cheng and
        Fan Zhang and
            Jernej Kos and
            Warren He and
            Nicholas Hynes and
            Noah M. Johnson and
            Ari Juels and
            Andrew
            Miller
            and
            Dawn
            Song},
    title     = {Ekiden: {A} Platform for Confidentiality-Preserving, Trustworthy,
        and Performant Smart Contract Execution},
    year      = {2018},
    url       = {http://arxiv.org/abs/1804.05141},
    biburl    = {https://dblp.org/rec/bib/journals/corr/abs-1804-05141},
    bibsource = {dblp computer science bibliography, https://dblp.org}
}

@inproceedings{kissner_set,
    author = {Kissner, Lea and Song, Dawn},
    title = {Privacy-preserving Set Operations},
    booktitle = {Proceedings of the 25th Annual International Conference on Advances in Cryptology},
    series = {CRYPTO'05},
    year = {2005},
    location = {Santa Barbara, California},
    publisher = {Springer-Verlag},
} 

@article{divanis_kanon,
    author = {Gkoulalas-Divanis, Aris and Kalnis, Panos and Verykios, Vassilios S.},
    title = {Providing K-Anonymity in Location Based Services},
    journal = {SIGKDD Explor. Newsl.},
    year = {2010},
    acmid = {1882473},
    publisher = {ACM},
} 

@inproceedings{xu_loc_anon,
    author = {Xu, Toby and Cai, Ying},
    title = {Location Anonymity in Continuous Location-based Services},
    booktitle = {Proceedings of the 15th Annual ACM International Symposium on Advances in Geographic Information
        Systems},
    series = {GIS '07},
    publisher = {ACM},
} 

@INPROCEEDINGS{traffic_jam,
author={N. Shibata and T. Terauchi and T. Kitani and K. Yasumoto and M. Ito and T. Higashino},
booktitle={2006 3rd Annual International Conference on Mobile and Ubiquitous Systems - Workshops},
title={A Method for Sharing Traffic Jam Information using Inter-Vehicle Communication},
year={2006},
month={July},
}

@Article{bharosa_2010,
author="Bharosa, Nitesh
and Lee, JinKyu
and Janssen, Marijn",
title="Challenges and obstacles in sharing and coordinating information during multi-agency disaster response: Propositions from field exercises",
journal="Information Systems Frontiers",
year="2010",
month="Mar",
}

@article{liu_2018,
  author    = {Kevin Liu and
               Harsh Desai and
               Lalana Kagal and
               Murat Kantarcioglu},
  title     = {Enforceable Data Sharing Agreements Using Smart Contracts},
  journal   = {CoRR},
  year      = {2018},
  url       = {http://arxiv.org/abs/1804.10645},
  bibsource = {dblp computer science bibliography, https://dblp.org}
}

@misc{aicoin,
  title = {{AI Coin}},
  howpublished = {\url{http://www.ai-coin.org}},
}

@misc{andreesen2014bitcoin,
  title = {{Why Bitcoin Matters}},
  howpublished = {\url{http://dealbook.nytimes.com/2014/01/21/why-bitcoin-matters}},
  author = {M. Andreesen},
  month = {January},
  year = {2014},
  note = {New York Times}
}

@inproceedings{aublin2013rbft,
  title = {{RBFT: Redundant Byzantine Fault Tolerance}},
  note = {\url{http://www.computer.org/csdl/proceedings/icdcs/2013/5000/00/5000a297.pdf}},
  author={Aublin, Pierre-Louis and Ben Mokhtar, Sonia and Qu{\'e}ma, Vivien},
  booktitle={Distributed Computing Systems (ICDCS), 2013 IEEE 33rd International Conference on},
  pages={297--306},
  year={2013},
  organization={IEEE}
}

@TechReport{back2002hashcash,
 author = {A. Back},
 title = {Hashcash - A Denial of Service Counter-Measure},
 year = {2002},
 month = {August},
 note = {technical report},
}

@TechReport{back2010sidechains,
 author = {A. Back},
 title = {Enabling Blockchain Innovations with Pegged Sidechains},
 note = {\url{http://www.blockstream.com/sidechains.pdf}},
 year = {2010},
 month = {October},
}

@misc{backfeed,
  title = {{Backfeed}},
  howpublished = {\url{http://backfeed.cc}},
}

@misc{dnshistory,
  title = {{Brief History of the Domain Name System}},
  howpublished = {\url{http://cyber.law.harvard.edu/icann/pressingissues2000/briefingbook/dnshistory.html}},
  author = {Berkman Center for Internet and Society},
  year = {2000},
  note = {Harvard}
}

@misc{berners1989information_mgmnt,
  title = {{Information Management: A Proposal}},
  howpublished = {\url{http://www.w3.org/History/1989/proposal.html}},
  author = {T. Berners-Lee},
  year = {1989},
  note = {World Wide Web Consortium}
}

@misc{bigchaindb_doc,
  title = {{BigchainDB Documentation}},
  howpublished = {\url{https://docs.bigchaindb.com/en/latest/index.html}}
}

@misc{bigchaindb_drivers_clients,
  title = {{BigchainDB Drivers \& Clients}},
  howpublished = {\url{https://docs.bigchaindb.com/projects/server/en/latest/drivers-clients/index.html}}
}

@misc{bigchaindb_http_api,
  title = {{BigchainDB HTTP API}},
  howpublished = {\url{https://docs.bigchaindb.com/projects/server/en/latest/http-client-server-api.html}}
}

@misc{bigchaindb_prod_nodes,
  title = {{BigchainDB Production Nodes (Documentation)}},
  howpublished = {\url{https://docs.bigchaindb.com/projects/server/en/latest/production-nodes/index.html}}
}

@misc{bigchaindb_python_driver,
  title = {{BigchainDB Python Driver}},
  howpublished = {\url{https://docs.bigchaindb.com/projects/py-driver/en/latest/index.html}}
}

@misc{bigchaindb_roadmap,
  title = {{BigchainDB Roadmap}},
  howpublished = {\url{https://github.com/bigchaindb/org/blob/master/ROADMAP.md}}
}

@misc{bigchaindb_server_quickstart,
  title = {{BigchainDB Server Quickstart}},
  howpublished = {\url{https://docs.bigchaindb.com/projects/server/en/latest/quickstart.html}}
}

@misc{bigchaindb_websocket_api,
  title = {{BigchainDB WebSocket Event Stream API}},
  howpublished = {\url{https://docs.bigchaindb.com/projects/server/en/latest/websocket-event-stream-api.html}}
}

@misc{bigchaindb_whitepaper,
  title = {{BigchainDB Whitepaper}},
  howpublished = {\url{https://www.bigchaindb.com/whitepaper/}}
}

@misc{bitcoin2015capacity,
  title = {{Bitcoin Capacity Increases FAQ}},
  howpublished = {\url{https://bitcoincore.org/en/2015/12/23/capacity-increases-faq/}},
  author = {Bitcoin Core},
  month = {December},
  year = {2015},
}

@misc{bitcoin-blocksize,
  title = {{Block size limit controversy}},
  howpublished = {\url{https://en.bitcoin.it/wiki/Block_size_limit_controversy}},
  author = {Bitcoin Wiki},
}

@misc{bitcoin2015pos,
  title = {{Proof of Stake}},
  howpublished = {\url{https://en.bitcoin.it/wiki/Proof_of_Stake}},
  author = {Bitcoin Wiki},
  year = {2015},
}

@misc{bitcoin2015scalability,
  title = {{Scalability}},
  howpublished = {\url{https://en.bitcoin.it/wiki/Scalability}},
  author = {Bitcoin Wiki},
  year = {2015},
}

@misc{bitcoin2015fees,
  title = {{Transaction Fees}},
  howpublished = {\url{https://en.bitcoin.it/wiki/Transaction_fees}},
  author = {Bitcoin Wiki},
  year = {2015},
}

@misc{bitcoin_tx_fees_2017,
  title = {{Bitcoin Transaction Fees Are Up More Than 1200\% in Past Two Years}},
  howpublished = {\url{https://news.bitcoin.com/bitcoin-transaction-fees-1200-past-two-years/}},
  author = {Justin Connell},
  year = {2017},
  month = {February}
}

@misc{bitnodes2015bitcoin_network_size,
  title = {{Estimate of the size of the Bitcoin network}},
  howpublished = {\url{https://getaddr.bitnodes.io/}},
  author = {Bitnodes},
  year = {2015},
}

@misc{bitsmith2014hyperledger,
  title = {{Dan O’Prey talks Hyperledger}},
  howpublished = {\url{http://www.thecoinsman.com/2014/08/decentralization/dan-oprey-talks-hyperledger/}},
  author = {Bitsmith},
  year = {2014},
  month = {August}
}

@misc{blockchaininfo2015blockchain_size,
  title = {{Blockchain size}},
  howpublished = {\url{https://blockchain.info/charts/blocks-size}},
  author = {Blockchain.info},
  year = {2015},
  month = {December, 30th}
}

@misc{blockchaininfo2015transaction_fees,
  title = {{Total transaction fees}},
  howpublished = {\url{https://server2.blockchain.info/charts/transaction-fees}},
  author = {Blockchain.info},
  year = {2015},
  month = {December, 30th}
}

@misc{bluestone2014sony_hack,
  title = {{Sony Offline After Hackers Stole Passwords, Threatened Blackmail: Report}},
  howpublished = {\url{http://gawker.com/sony-goes-offline-after-widespread-hack-by-potential-bl-1662893066}},
  author = {G. Bluestone},
  year = {2014},
  month = {November, 24th}
}

@inproceedings{burrows2006chubby,
  title = {{The Chubby Lock Service for Loosely-Coupled Distributed Systems}},
  note = {\url{http://static.googleusercontent.com/media/research.google.com/en//archive/chubby-osdi06.pdf}},
  month = {November},
  booktitle = {OSDI'06, Proceedings of the 7th symposium on Operating systems design and implementation, Seattle, WA},
  author={Burrows, Mike},
  pages={335--350},
  year={2006},
  organization={USENIX Association}
}

@misc{buterin-ethereum,
  title = {{Ethereum White Paper: A Next Generation Smart Contract \& Decentralized Application Platform}},
  howpublished = {\url{http://blog.lavoiedubitcoin.info/public/Bibliotheque/EthereumWhitePaper.pdf}},
  author = {Buterin, Vitalik},
}

@misc{buterin2014slasher,
  title = {{Slasher: A Punitive Proof-of-Stake Algorithm}},
  howpublished = {\url{https://blog.ethereum.org/2014/01/15/slasher-a-punitive-proof-of-stake-algorithm/}},
  author = {Buterin, Vitalik},
  year = {2014},
  month = {January, 15th}
}

@misc{buterin2014slasher_ghost,
  title = {{Slasher Ghost, and other Developments in Proof of Stake}},
  howpublished = {\url{https://blog.ethereum.org/2014/10/03/slasher-ghost-developments-proof-stake/}},
  author = {Buterin, Vitalik},
  year = {2014},
  month = {October, 3th}
}

@misc{buterin2014hypercubes,
  title = {{Scalability, Part 2: Hypercubes}},
  howpublished = {\url{https://blog.ethereum.org/2014/10/21/scalability-part-2-hypercubes/}},
  author = {Buterin, Vitalik},
  year = {2014},
  month = {October, 21st}
}

@misc{cassandra,
  title = {{The Apache Cassandra Project}},
  howpublished = {\url{https://cassandra.apache.org}},
}

@inproceedings{castro1999practical,
  title = {{Practical Byzantine fault tolerance}},
  author = {Castro, Miguel and Liskov, Barbara},
  booktitle = {Proceedings of the Third Symposium on Operating Systems Design and Implementation},
  volume = {99},
  pages = {173--186},
  year = {1999},
  month = {February}
}

@PhdThesis{castro2001byzantine,
  title = {{Practical Byzantine Fault Tolerance}},
  note = {\url{http://research.microsoft.com/en-us/um/people/mcastro/publications/thesis.pdf}},
  author = {M. Castro},
  year = {2001},
  school = {MIT},
}

@inproceedings{clement2009making,
  title = {{Making Byzantine fault tolerant systems tolerate Byzantine faults}},
  note = {\url{https://www.usenix.org/legacy/event/nsdi09/tech/full_papers/clement/clement.pdf}},
  author={Clement, Allen and Wong, Edmund L and Alvisi, Lorenzo and Dahlin, Michael and Marchetti, Mirco},
  booktitle={NSDI},
  volume={9},
  pages={153--168},
  year={2009},
  month = {November}
}

@article{cockcroft2011benchmarking,
  title = {{Benchmarking Cassandra Scalability on AWS – Over a million writes per second}},
  note = {\url{http://techblog.netflix.com/2011/11/benchmarking-cassandra-scalability-on.html}},
  author={Cockcroft, Adrian and Sheahan, Denis},
  year={2011}
}

@article{copeland2014tangaroa,
  title = {{Tangaroa: a Byzantine Fault Tolerant Raft}},
  note = {\url{http://www.scs.stanford.edu/14au-cs244b/labs/projects/copeland_zhong.pdf}},
  author = {C. Copeland and H. Zhong},
  year = {2014},
  month = {August},
  school = {Stanford Computer Science Department}
}


@misc{cryptonite,
  title = {{Cryptonite}},
  howpublished = {\url{http://cryptonite.info/}}
}

@misc{dejonghe_spool,
  title = {{SPOOL Protocol}},
  howpublished = {\url{https://github.com/ascribe/spool}},
  author = {De Jonghe, Dimitri and McConaghy, Trent}
}

@book{doctorow2003down,
  title={{Down and Out in the Magic Kingdom}},
  note = {\url{http://www.amazon.com/Down-Magic-Kingdom-Cory-Doctorow/dp/076530953X}},
  author={Doctorow, Cory},
  month = {February},
  year={2003},
  publisher={Macmillan}
}

@incollection{douceur2002sybil,
  title={{The Sybil Attack}},
  author={Douceur, John R},
  booktitle={Peer-to-peer Systems},
  pages={251--260},
  year={2002},
  publisher={Springer},
  note = {\url{http://research.microsoft.com/pubs/74220/IPTPS2002.pdf}}
}

@inproceedings{driscoll1983multi,
  title={Multi-MicroProcessor Flight Control System},
  author={Driscoll, Kevin and Papadopoulis, G and Nelson, S and Hartmann, G and Ramohalli, G},
  booktitle={Proceedings of the IEEE/AIAA 5th Digital Avionics Systems Conference, Institute of Electrical and Electronic Engineers, New York, NY},
  year={1983}
}

@misc{ed25519,
  title = {{Ed25519: high-speed high-security signatures}},
  howpublished = {\url{https://ed25519.cr.yp.to/}},
}

@misc{ed25519-users,
  title = {{Thins that use Ed25519}},
  howpublished = {\url{https://ianix.com/pub/ed25519-deployment.html}}
}

@misc{elasticsearch,
  title = {{ElasticSearch}},
  howpublished = {\url{https://www.elastic.co/products/elasticsearch}},
}

@misc{enigma,
  title = {{Enigma}},
  howpublished = {\url{http://enigma.media.mit.edu/}},
}

@misc{eris,
  title = {{Eris Industries}},
  howpublished = {\url{http://erisindustries.com/}},
}

@misc{ethereum,
  title = {{Ethereum}},
  howpublished = {\url{https://ethereum.org/}},
}

@inproceedings{eyal2015bitcoin,
  title={{Bitcoin-NG: A Scalable Blockchain Protocol}},
  author={Eyal, Ittay and Gencer, Adem Efe and Sirer, Emin Gun and van Renesse, Robbert},
  note = {\url{http://diyhpl.us/~bryan/papers2/bitcoin/Bitcoin-NG:%20A%20scalable%20blockchain%20protocol.pdf}},
  booktitle={NSDI},
  year={2016}
}

@misc{factom,
  title = {{Factom}},
  howpublished = {\url{http://factom.org/}}
}

@article{fischer1985impossibility,
  title={{Impossibility of distributed consensus with one faulty process}},
  author={Fischer, Michael J and Lynch, Nancy A and Paterson, Michael S},
  journal={Journal of the ACM (JACM)},
  volume={32},
  number={2},
  pages={374--382},
  year={1985},
  month={April},
  publisher={ACM},
  note = {\url{https://groups.csail.mit.edu/tds/papers/Lynch/jacm85.pdf}}
}

@misc{galt2014supernet,
  title = {{JL777’s vision of the Supernet}},
  howpublished = {\url{https://bitcoinmagazine.com/18167/what-is-the-supernet-jl777s-vision/}},
  author = {Galt, J.S.},
  month = {November},
  year = {2014}
}

@incollection{garay2015bitcoin,
  title={The bitcoin backbone protocol: Analysis and applications},
  author={Garay, Juan and Kiayias, Aggelos and Leonardos, Nikos},
  booktitle={Advances in Cryptology-EUROCRYPT 2015},
  pages={281--310},
  year={2015},
  publisher={Springer}
}

@misc{gault2015cia_secret,
  title = {{The CIA Secret to Cybersecurity that No One Seems to Get}},
  howpublished = {\url{http://www.wired.com/2015/12/the-cia-secret-to-cybersecurity-that-no-one-seems-to-get}},
  author = {Gault, M.},
  month = {December},
  year = {2015}
}

@misc{rethinkdb_github,
  title = {{rethinkdb/rethinkdb}},
  howpublished = {\url{https://github.com/rethinkdb/rethinkdb}},
  author = {GitHub},
}

@inproceedings{grigg2004ricardian,
  title={{The Ricardian Contract}},
  author={Grigg, Ian},
  note = {\url{http://iang.org/papers/ricardian_contract.html}},
  booktitle={Electronic Contracting, 2004. Proceedings. First IEEE International Workshop on},
  pages={25--31},
  year={2004},
  organization={IEEE}
}

@inproceedings{hanson1993consensus,
  title={{Information Prizes – Patronizing Basic Research, Finding Consensus}},
  author={Hanson, Robin},
  note = {\url{http://mason.gmu.edu/~rhanson/ideafutures.html}},
  booktitle={Western Economics Association meeting, Lake Tahoe},
  month={June},
  year={2013}
}

@misc{hbase,
  title = {{Apache HBase}},
  howpublished = {\url{https://hbase.apache.org}},
}

@article{davis2015hacking,
  title={{Hacking of Government Computers Exposed 21.5 Million People}},
  author={Davis, J. Hirschfeld},
  note = {\url{http://www.nytimes.com/2015/07/10/us/office-of-personnel-management-hackers-got-data-of-millions.html}},
  journal={The New York Times},
  year={2015},
  month={July}
}

@incollection{hopkins1987evolution,
  title={{The Evolution of Fault Tolerant Computing at the Charles Stark Draper Laboratory 1955--85}},
  author={Hopkins Jr, Albert L and Lala, Jaynarayan H and Smith III, T Basil},
  booktitle={The Evolution of fault-tolerant computing},
  pages={121--140},
  year={1987},
  publisher={Springer},
  doi={doi:10.1007/978-3-7091-8871-2_6}
}

@misc{icann2014dnssec,
  title = {{DNSSEC – What Is It and Why Is It Important?}},
  howpublished = {\url{https://www.icann.org/resources/pages/dnssec-qaa-2014-01-29-en}},
  author = {ICANN},
  month = {January},
  year = {2014}
}

@techreport{I-D.irtf-cfrg-eddsa,
  author = {Simon Josefsson and Ilari Liusvaara},
  title = {Edwards-curve Digital Signature Algorithm (EdDSA)},
  howpublished = {Working Draft},
  type = {Internet-Draft},
  number = {draft-irtf-cfrg-eddsa-05},
  year = {2016},
  month = {March},
  institution = {IETF Secretariat},
  url = {http://www.ietf.org/internet-drafts/draft-irtf-cfrg-eddsa-05.txt},
  note = {\url{http://www.ietf.org/internet-drafts/draft-irtf-cfrg-eddsa-05.txt}},
}

@misc{ipdb_foundation_website,
  title = {{IPDB Foundation}},
  howpublished = {\url{https://ipdb.foundation/}}
}

@misc{ipfs,
  title = {{IPFS – Content Addressed, Versioned, P2P File System}},
  howpublished = {\url{http://static.benet.ai/t/ipfs.pdf}},
  author = {J. Benet},
  year = {2014},
}

@misc{kalantzis_netflix,
  title = {{Revisiting 1 Million Writes per second}},
  howpublished = {\url{http://techblog.netflix.com/2014/07/revisiting-1-million-writes-per-second.html}},
  author = {Kalantzis, C.}
}

@misc{kim2014safety,
  title={{Safety, liveness and fault tolerance — the consensus choices}},
  author={Kim, J.},
  howpublished = {\url{https://www.stellar.org/blog/safety_liveness_and_fault_tolerance_consensus_choice/}},
  month={December},
  year={2014}
}

@misc{kim2014stellar,
  title={{Stellar Consensus Protocol: Proof and Code}},
  author={Kim, J.},
  howpublished = {\url{https://www.stellar.org/blog/stellar-consensus-protocol-proof-code/}},
  month={April},
  year={2015}
}

@misc{koshy2014revolution,
  title={{Bitcoin and the Byzantine Generals Problem -- a Crusade is needed? A Revolution?}},
  author={Koshy, P.},
  howpublished = {\url{http://financialcryptography.com/mt/archives/001522.html}},
  month={November},
  year={2014},
  publisher={Financial Cryptography (blog)}
}

@misc{kwon2014tendermint,
  title={{Tendermint: Consensus without Mining}},
  author={Kwon, J.},
  howpublished = {\url{http://tendermint.com/docs/tendermint.pdf}},
  month={fall},
  year={2014},
  publisher={Draft v.0.6}
}

@misc{lamport_writings,
  title={{My Writings}},
  author={Lamport, Leslie},
  howpublished = {\url{http://research.microsoft.com/en-us/um/people/lamport/pubs/pubs.html}},
  publisher={Microsoft Research}
}

@article{lamport1982byzantine,
  title={{The Byzantine Generals Problem}},
  author={Lamport, Leslie and Shostak, Robert and Pease, Marshall},
  note = {\url{http://research.microsoft.com/en-us/um/people/lamport/pubs/byz.pdf}},
  journal={ACM Transactions on Programming Languages and Systems (TOPLAS)},
  volume={4},
  number={3},
  pages={382--401},
  month={July},
  year={1982},
  publisher={ACM}
}

@article{lamport1998part,
  title={The part-time parliament},
  author={Lamport, Leslie},
  journal={ACM Transactions on Computer Systems (TOCS)},
  volume={16},
  number={2},
  pages={133--169},
  year={1998},
  publisher={ACM},
  note={\url{http://research.microsoft.com/en-us/um/people/lamport/pubs/lamport-paxos.pdf}}
}

@article{lamport2006fast,
  title={{Fast Paxos}},
  author={Lamport, Leslie},
  note = {\url{http://research.microsoft.com/pubs/64624/tr-2005-112.pdf}},
  journal={Distributed Computing},
  volume={19},
  number={2},
  pages={79--103},
  year={2006},
  publisher={Springer}
}

@incollection{lamport2011byzantizing,
  title={Byzantizing Paxos by refinement},
  author={Lamport, Leslie},
  booktitle={Distributed Computing},
  pages={211--224},
  year={2011},
  publisher={Springer},
  note={\url{http://research.microsoft.com/en-us/um/people/lamport/tla/byzsimple.pdf}}
}

@article{luuscp,
  title={SCP: A Computationally-Scalable Byzantine Consensus Protocol For Blockchains},
  author={Luu, Loi and Narayanan, Viswesh and Baweja, Kunal and Zheng, Chaodong and Gilbert, Seth and Saxena, Prateek},
  year={2015}
}

@misc{maxwell2015capacity,
  title={{Capacity increases for the Bitcoin system}},
  author={Maxwell, G.},
  howpublished = {\url{https://lists.linuxfoundation.org/pipermail/bitcoin-dev/2015-December/011865.html}},
  publisher={Microsoft Research},
  month={December},
  year={2015}
}

@misc{mazieres2015stellar,
  title={{The Stellar Consensus Protocol: A Federated Model for Internet-Level Consensus}},
  author={Mazieres, D.},
  howpublished = {\url{https://www.stellar.org/papers/stellar-consensus-protocol.pdf}},
  publisher={Stellar},
  note={draft of Nov 17, 2015, retrieved Dec 30, 2015},
  month={December},
  year={2015}
}

@misc{mcconaghy2014blockchain,
  title={{Blockchain, Throughput, and Big Data}},
  author={McConaghy, Trent},
  howpublished = {\url{http://trent.st/content/2014-10-28%20mcconaghy%20-%20blockchain%20big%20data.pdf}},
  note={Berlin, Germany},
  month={October},
  year={2014}
}

@misc{monax,
  title = {Monax},
  howpublished = {\url{https://monax.io}}
}

@misc{monegro2014blockchain_stack,
  title={{The Blockchain Application Stack}},
  author={Monegro, J.},
  howpublished = {\url{http://joel.mn/post/103546215249/the-blockchain-application-stack}},
  note={Joel Monegro Blog},
  month={November},
  year={2014}
}

@misc{mongodb,
  title={{MongoDB}},
  howpublished = {\url{https://www.mongodb.com}}
}

@misc{nakamoto2009bitcoin,
  title={{Bitcoin: A Peer-to-Peer Electronic Cash System}},
  author={Nakamoto, Satoshi},
  howpublished = {\url{https://bitcoin.org/bitcoin.pdf}},
  year={2009}
}

@misc{nosql,
  title={{NoSQL: Your Ultimate Guide to the Non-Relational Universe}},
  author={NoSQL Database},
  howpublished = {\url{http://www.nosql-database.org}}
}

@misc{ojeda2014target_hack,
  title={{Target hack: how did they do it?}},
  author={Ojeda-Zapata, J.},
  howpublished = {\url{http://www.mercurynews.com/business/ci_24765398/how-did-hackers-pull-off-target-data-heist}},
  publisher={San Jose Mercury News},
  month={December},
  year={2014}
}

@inproceedings{ongaro2014raft,
  title={{In Search of an Understandable Consensus Algorithm}},
  author={Ongaro, Diego and Ousterhout, John},
  note = {\url{https://ramcloud.stanford.edu/raft.pdf}},
  booktitle={2014 USENIX Annual Technical Conference (USENIX ATC 14)},
  pages={305--319},
  year={2014}
}

@book{ozsu2011principles,
  title={{Principles of Distributed Database Systems, 3rd Edition}},
  author={{\"O}zsu, M Tamer and Valduriez, Patrick},
  year={2011},
  publisher={Springer Science \& Business Media}
}

@inproceedings{paulitsch2005coverage,
  title={{Coverage and the Use of Cyclic Redundancy Codes in Ultra-Dependable System}},
  author={Paulitsch, Michael and Morris, Jennifer and Hall, Brendan and Driscoll, Kevin and Latronico, Elizabeth and Koopman, Philip},
  booktitle={Dependable Systems and Networks, 2005. DSN 2005. Proceedings. International Conference on},
  pages={346--355},
  year={2005},
  organization={IEEE},
  doi={doi:10.1109/DSN.2005.31}
}

@article{pease1980reaching,
  title={Reaching agreement in the presence of faults},
  author={Pease, Marshall and Shostak, Robert and Lamport, Leslie},
  note = {\url{http://research.microsoft.com/en-US/um/people/Lamport/pubs/reaching.pdf}},
  journal={Journal of the ACM (JACM)},
  volume={27},
  number={2},
  pages={228--234},
  month={April},
  year={1980},
  publisher={ACM}
}

@misc{peercoin,
  title={{Peercoin}},
  author={Wikipedia},
  howpublished = {\url{http://en.wikipedia.org/wiki/Peercoin}},
}

@misc{popper2016bitcoin_crisis,
  title={{A Bitcoin Believer’s Crisis of Faith}},
  author={Popper, N.},
  howpublished = {\url{http://www.nytimes.com/2016/01/17/business/dealbook/the-bitcoin-believer-who-gave-up.html?_r=0}},
  publisher={The New York Times},
  month={January},
  year={2016}
}

@misc{redis,
  title={{Redis}},
  howpublished = {\url{https://www.redis.io}}
}

@misc{rethinkdb,
  title={{RethinkDB}},
  howpublished = {\url{https://www.rethinkdb.com}}
}

@misc{rethinkdb_changefeeds,
  title={{RethinkDB Changefeeds}},
  howpublished = {\url{https://rethinkdb.com/docs/changefeeds}}
}

@misc{rethinkdb_consistency,
  title={{RethinkDB Consistency Guarantees}},
  howpublished = {\url{https://rethinkdb.com/docs/consistency/}}
}

@misc{rethinkdb_faq,
  title={{RethinkDB Frequently Asked Questions}},
  howpublished = {\url{https://www.rethinkdb.com/faq/}}
}

@techreport{RFC7159,
  author = {T. Bray},
  title = {The JavaScript Object Notation (JSON) Data Interchange Format},
  howpublished = {Internet Requests for Comments},
  type = {RFC},
  number = {7159},
  year = {2014},
  month = {March},
  issn = {2070-1721},
  publisher = {RFC Editor},
  institution = {RFC Editor},
  url = {http://www.rfc-editor.org/rfc/rfc7159.txt},
  note = {\url{http://www.rfc-editor.org/rfc/rfc7159.txt}},
}

@misc{riak,
  title={{Riak}},
  author={Basho},
  howpublished = {\url{https://docs.basho.com/riak}}
}

@misc{robinson2009paxos,
  title={{Consensus Protocols: Paxos}},
  author={Robinson, H.},
  howpublished = {\url{http://the-paper-trail.org/blog/consensus-protocols-paxos/}},
  publisher={The Paper Trail},
  month={February},
  year={2009}
}


@misc{sethy2015india_scam,
  title={{The mystery of India’s deadly exam scam}},
  author={Sethy, A.},
  howpublished = {\url{http://www.theguardian.com/world/2015/dec/17/the-mystery-of-indias-deadly-exam-scam}},
  publisher={The Guardian},
  month={December},
  year={2015}
}

@misc{schwartz2001badboy,
  title={{Internet ‘Bad Boy’ Takes on a New Challenge}},
  author={Schwartz, J.},
  howpublished = {\url{http://www.nytimes.com/2001/04/23/business/technology-Internet-bad-boy-takes-on-a-new-challenge.html}},
  publisher={The New York Times},
  month={April},
  year={2001}
}

@misc{sourabh2014email,
  title={{How Much Email Do We Use Daily? 182.9 Billion Emails Sent/Received Per Day Worldwide}},
  author={Sourabh},
  howpublished = {\url{http://sourcedigit.com/4233-much-email-use-daily-182-9-billion-emails-sentreceived-per-day-worldwide/}},
  publisher={SourceDigit},
  month={February},
  year={2014}
}

@misc{spangler2014netflix,
  title={{Netflix Streaming Eats Up 35% of Downstream Internet Traffic: Study}},
  author={Spangler, T.},
  howpublished = {\url{http://variety.com/2014/digital/news/netflix-streaming-eats-up-35-of-downstream-Internet-bandwidth-usage-study-1201360914/}},
  publisher={Variety},
  month={November},
  year={2014}
}

@misc{suarez2010freedomtm,
  title={{Freedom (TM)}},
  author={Suarez, D.},
  howpublished = {\url{http://www.amazon.com/Freedom-TM-Daniel-Suarez/dp/0525951571}},
  publisher={Dutton Adult},
  month={January},
  year={2010}
}

@book{swan2015blockchain,
  title={Blockchain: Blueprint for a New Economy},
  author={Swan, Melanie},
  note = {\url{http://shop.oreilly.com/product/0636920037040.do}},
  year={2015},
  publisher={" O'Reilly Media, Inc."}
}

@misc{tendermint,
  title={{Tendermint}},
  howpublished = {\url{http://www.tendermint.com}},
}

@misc{thomas2015interledger,
  title={{A Protocol for Interledger Payments}},
  author={Thomas, S. and Schwartz E.},
  howpublished = {\url{https://interledger.org/interledger.pdf}},
  year={2015}
}

@misc{toad2015toad,
  title={{Toad for Cloud Databases Community}},
  author={Toad World},
  howpublished = {\url{http://www.toadworld.com/products/toad-for-cloud-databases/w/wiki/308.survey-distributed-databases}},
  year={2015}
}

@misc{tradeblock,
  title={{Recent Blocks}},
  author={Tradeblock},
  howpublished = {\url{https://tradeblock.com/bitcoin/}}
}

@misc{trillo2013visa,
  title={{Stress Test Prepares VisaNet for the Most Wonderful Time of the Year}},
  author={Trillo, M.},
  howpublished = {\url{http://www.visa.com/blogarchives/us/2013/10/10/stress-test-prepares-visanet-for-the-most-wonderful-time-of-the-year/index.html}},
  month={October},
  year={2013},
  publisher={Visa Viewpoints}
}

@misc{wagner2014blockchain_bloat,
  title={{Ensuring Network Scalability: How to Fight Blockchain Bloat}},
  author={Wagner, A.},
  howpublished = {\url{https://bitcoinmagazine.com/articles/how-to-ensure-network-scalibility-fighting-blockchain-bloat-1415304056}},
  month={November},
  year={2014},
  publisher={Bitcoin Magazine}
}

@misc{wuille_segregated_witness,
  title={{Segregated witness and its impact on scalability}},
  author={Wuille, P.},
  howpublished = {\url{http://diyhpl.us/wiki/transcripts/scalingbitcoin/hong-kong/segregated-witness-and-its-impact-on-scalability/}},
  notes={Hong Kong},
  publisher={Scaling Bitcoin Workshop}
}

@misc{wiki_acid,
  title={{ACID}},
  author={Wikipedia},
  howpublished = {\url{https://en.wikipedia.org/wiki/ACID}}
}

@misc{wiki_cap,
  title={{CAP Theorem}},
  author={Wikipedia},
  howpublished = {\url{https://en.wikipedia.org/wiki/CAP_theorem}}
}

@misc{wiki_byzantine,
  title={{Byzantine fault tolerance}},
  author={Wikipedia},
  howpublished = {\url{https://en.wikipedia.org/wiki/Byzantine_fault_tolerance}}
}

@misc{wiki_paxos,
  title={{Paxos (Computer Science)}},
  author={Wikipedia},
  howpublished = {\url{http://en.wikipedia.org/wiki/Paxos_(computer_science)}}
}

@misc{wiki_raid,
  title={{RAID}},
  author={Wikipedia},
  howpublished = {\url{http://en.wikipedia.org/wiki/RAID}}
}

@misc{wikidata,
  author={WikiData},
  howpublished = {\url{https://www.wikidata.org}}
}

@misc{zamfir2015casper,
  title={{Introducing Casper ‘the Friendly Ghost’}},
  author={Zamfir, V.},
  howpublished = {\url{https://blog.ethereum.org/2015/08/01/introducing-casper-friendly-ghost/}},
  month={August},
  year={2015},
  publisher={Ethereum Blog}
}

@article{zyskind2015enigma,
  title={{Enigma: Decentralized Computation Platform with Guaranteed Privacy}},
  author={Zyskind, Guy and Nathan, Oz and Pentland, Alex},
  note = {\url{http://enigma.media.mit.edu/enigma_full.pdf}},
  publisher={MIT},
  year={2015}
}
